@misc{conda_forge_community_2015_4774216,
  author       = {conda-forge community},
  title        = {{The conda-forge Project: Community-based Software
                   Distribution Built on the conda Package Format and
                   Ecosystem}},
  month        = jul,
  year         = 2015,
  publisher    = {Zenodo},
  doi          = {10.5281/zenodo.4774216},
  url          = {https://doi.org/10.5281/zenodo.4774216}
}
