@article{polyglotDB2017,
  title={Polyglot and Speech Corpus Tools: a system for representing, integrating, and querying speech corpora},
  author={McAuliffe, Michael, Elias Stengel-Eskin, Michaela Socolof, and Morgan Sonderegger},
  year={2017},
  journal={In Proceedings of Interspeech}
}
